<?xml version="1.0" encoding="UTF-8"?>
<record xmlns="http://www.loc.gov/MARC21/slim" xmlns:xsi="http://www.w3.org/2001/XMLSchema-instance" xsi:schemaLocation="http://www.loc.gov/MARC21/slim http://www.loc.gov/standards/marcxml/schema/MARC21slim.xsd">
<leader>00000cam a2200277u  4500</leader>
<controlfield tag="001">001677506</controlfield>
<controlfield tag="003">NNU</controlfield>
<controlfield tag="005">20001218200438.0</controlfield>
<controlfield tag="008">960110s1966    iq af    b    000 0 ara c</controlfield>
<datafield tag="010" ind1=" " ind2=" ">
<subfield code="a">ne 67000049</subfield>
</datafield>
<datafield tag="035" ind1="9" ind2=" ">
<subfield code="a">NYUb12220886</subfield>
</datafield>
<datafield tag="035" ind1=" " ind2=" ">
<subfield code="a">(NBISU)notisAET4303</subfield>
</datafield>
<datafield tag="035" ind1=" " ind2=" ">
<subfield code="a">(CStRLIN)NYBGAET4303-B</subfield>
<subfield code="z">(CStRLIN)CUBGGLAD84265476-B</subfield>
</datafield>
<datafield tag="040" ind1=" " ind2=" ">
<subfield code="a">Princeton Univ. Libr.</subfield>
<subfield code="c">TxU</subfield>
<subfield code="d">TxU</subfield>
<subfield code="d">CU</subfield>
<subfield code="d">NBiSU</subfield>
</datafield>
<datafield tag="050" ind1=" " ind2="4">
<subfield code="a">CJ3421</subfield>
<subfield code="b">.H87 1966</subfield>
</datafield>
<datafield tag="100" ind1="1" ind2=" ">
<subfield code="a">Ḥusaynī, Muḥammad Bāqir.</subfield>
</datafield>
<datafield tag="245" ind1="1" ind2="3">
<subfield code="a">al-ʻUmlah al-Islāmīyah fī al-ʻahd al-Atābakī /</subfield>
<subfield code="c">[taʼlīf] Muḥammad Bāqir al-Ḥusaynī.</subfield>
</datafield>
<datafield tag="260" ind1=" " ind2=" ">
<subfield code="a">Baghdād :</subfield>
<subfield code="b">Maṭbaʻat Dār al-Jāḥiẓ,</subfield>
<subfield code="c">1966.</subfield>
</datafield>
<datafield tag="300" ind1=" " ind2=" ">
<subfield code="a">229 p. :</subfield>
<subfield code="b">illus., plates. ;</subfield>
<subfield code="c">25 cm.</subfield>
</datafield>
<datafield tag="500" ind1=" " ind2=" ">
<subfield code="a">Risālat al-mājistīr -- Jāmiʻat al-Qāhirah.</subfield>
</datafield>
<datafield tag="504" ind1=" " ind2=" ">
<subfield code="a">Bibliography: p. 147-150.</subfield>
</datafield>
<datafield tag="500" ind1=" " ind2=" ">
<subfield code="a">Cover title: The Islamic coins during the Atabik period [by] M. Baqir al-Hussaini.</subfield>
</datafield>
<datafield tag="650" ind1=" " ind2="0">
<subfield code="a">Islamic coins.</subfield>
</datafield>
<datafield tag="650" ind1=" " ind2="0">
<subfield code="a">Numismatics</subfield>
<subfield code="z">Iraq.</subfield>
</datafield>
<datafield tag="OWN" ind1=" " ind2=" ">
<subfield code="a">GENERAL</subfield>
</datafield>
<datafield tag="950" ind1=" " ind2=" ">
<subfield code="l">BMAIN</subfield>
<subfield code="a">CJ3421</subfield>
<subfield code="b">.H8</subfield>
</datafield>
<datafield tag="955" ind1=" " ind2=" ">
<subfield code="l">BMAIN</subfield>
<subfield code="c">1</subfield>
<subfield code="r">029077131</subfield>
</datafield>
<datafield tag="998" ind1=" " ind2=" ">
<subfield code="s">9115</subfield>
</datafield>
<datafield tag="AVA" ind1=" " ind2=" ">
<subfield code="a">NYU50</subfield>
<subfield code="b">BOBST</subfield>
<subfield code="c">Main Collection</subfield>
<subfield code="d">CJ3421 .H8</subfield>
<subfield code="e">unavailable</subfield>
<subfield code="t">Unavailable</subfield>
<subfield code="f">1</subfield>
<subfield code="g">1</subfield>
<subfield code="h">N</subfield>
<subfield code="i">0</subfield>
<subfield code="j">MAIN</subfield>
<subfield code="k">0</subfield>
</datafield>
</record>
